
@article{DBLP:journals/corr/ZhangY17aa,
  author    = {Yu Zhang and
               Qiang Yang},
  title     = {A Survey on Multi-Task Learning},
  journal   = {CoRR},
  volume    = {abs/1707.08114},
  year      = {2017},
  url       = {http://arxiv.org/abs/1707.08114},
  archivePrefix = {arXiv},
  eprint    = {1707.08114},
  timestamp = {Mon, 13 Aug 2018 16:49:00 +0200},
  biburl    = {https://dblp.org/rec/journals/corr/ZhangY17aa.bib},
  bibsource = {dblp computer science bibliography, https://dblp.org}
}

@article{DBLP:journals/corr/Ruder17a,
  author    = {Sebastian Ruder},
  title     = {An Overview of Multi-Task Learning in Deep Neural Networks},
  journal   = {CoRR},
  volume    = {abs/1706.05098},
  year      = {2017},
  url       = {http://arxiv.org/abs/1706.05098},
  archivePrefix = {arXiv},
  eprint    = {1706.05098},
  timestamp = {Mon, 13 Aug 2018 16:48:50 +0200},
  biburl    = {https://dblp.org/rec/journals/corr/Ruder17a.bib},
  bibsource = {dblp computer science bibliography, https://dblp.org}
}

@article{DBLP:journals/corr/LuKZCJF16,
  author    = {Yongxi Lu and
               Abhishek Kumar and
               Shuangfei Zhai and
               Yu Cheng and
               Tara Javidi and
               Rog{\'{e}}rio Schmidt Feris},
  title     = {Fully-adaptive Feature Sharing in Multi-Task Networks with Applications
               in Person Attribute Classification},
  journal   = {CoRR},
  volume    = {abs/1611.05377},
  year      = {2016},
  url       = {http://arxiv.org/abs/1611.05377},
  archivePrefix = {arXiv},
  eprint    = {1611.05377},
  timestamp = {Wed, 16 Oct 2019 14:14:57 +0200},
  biburl    = {https://dblp.org/rec/journals/corr/LuKZCJF16.bib},
  bibsource = {dblp computer science bibliography, https://dblp.org}
}


@article{DBLP:journals/corr/abs-1106-0245,
  author    = {Jonathan Baxter},
  title     = {A Model of Inductive Bias Learning},
  journal   = {CoRR},
  volume    = {abs/1106.0245},
  year      = {2011},
  url       = {http://arxiv.org/abs/1106.0245},
  archivePrefix = {arXiv},
  eprint    = {1106.0245},
  timestamp = {Mon, 13 Aug 2018 16:47:11 +0200},
  biburl    = {https://dblp.org/rec/journals/corr/abs-1106-0245.bib},
  bibsource = {dblp computer science bibliography, https://dblp.org}
}


@article{DBLP:journals/corr/Long015a,
  author    = {Mingsheng Long and
               Jianmin Wang},
  title     = {Learning Multiple Tasks with Deep Relationship Networks},
  journal   = {CoRR},
  volume    = {abs/1506.02117},
  year      = {2015},
  url       = {http://arxiv.org/abs/1506.02117},
  archivePrefix = {arXiv},
  eprint    = {1506.02117},
  timestamp = {Mon, 13 Aug 2018 16:49:17 +0200},
  biburl    = {https://dblp.org/rec/journals/corr/Long015a.bib},
  bibsource = {dblp computer science bibliography, https://dblp.org}
}



@article{DBLP:journals/corr/MisraSGH16,
  author    = {Ishan Misra and
               Abhinav Shrivastava and
               Abhinav Gupta and
               Martial Hebert},
  title     = {Cross-stitch Networks for Multi-task Learning},
  journal   = {CoRR},
  volume    = {abs/1604.03539},
  year      = {2016},
  url       = {http://arxiv.org/abs/1604.03539},
  archivePrefix = {arXiv},
  eprint    = {1604.03539},
  timestamp = {Fri, 05 Apr 2019 07:29:46 +0200},
  biburl    = {https://dblp.org/rec/journals/corr/MisraSGH16.bib},
  bibsource = {dblp computer science bibliography, https://dblp.org}
}


@inproceedings{sogaard2016deep,
	title={Deep multi-task learning with low level tasks supervised at lower layers},
	author={S{\o}gaard, Anders and Goldberg, Yoav},
	booktitle={Proceedings of the 54th Annual Meeting of the Association for Computational Linguistics (Volume 2: Short Papers)},
	pages={231--235},
	year={2016}
}


@article{DBLP:journals/corr/HashimotoXTS16,
  author    = {Kazuma Hashimoto and
               Caiming Xiong and
               Yoshimasa Tsuruoka and
               Richard Socher},
  title     = {A Joint Many-Task Model: Growing a Neural Network for Multiple {NLP}
               Tasks},
  journal   = {CoRR},
  volume    = {abs/1611.01587},
  year      = {2016},
  url       = {http://arxiv.org/abs/1611.01587},
  archivePrefix = {arXiv},
  eprint    = {1611.01587},
  timestamp = {Mon, 13 Aug 2018 16:46:50 +0200},
  biburl    = {https://dblp.org/rec/journals/corr/HashimotoXTS16.bib},
  bibsource = {dblp computer science bibliography, https://dblp.org}
}



@article{DBLP:journals/corr/KendallGC17,
  author    = {Alex Kendall and
               Yarin Gal and
               Roberto Cipolla},
  title     = {Multi-Task Learning Using Uncertainty to Weigh Losses for Scene Geometry
               and Semantics},
  journal   = {CoRR},
  volume    = {abs/1705.07115},
  year      = {2017},
  url       = {http://arxiv.org/abs/1705.07115},
  archivePrefix = {arXiv},
  eprint    = {1705.07115},
  timestamp = {Mon, 13 Aug 2018 16:48:31 +0200},
  biburl    = {https://dblp.org/rec/journals/corr/KendallGC17.bib},
  bibsource = {dblp computer science bibliography, https://dblp.org}
}

@article{DBLP:journals/corr/YangH16,
	author    = {Yongxin Yang and
	Timothy M. Hospedales},
	title     = {Deep Multi-task Representation Learning: {A} Tensor Factorisation
	Approach},
	journal   = {CoRR},
	volume    = {abs/1605.06391},
	year      = {2016},
	url       = {http://arxiv.org/abs/1605.06391},
	archivePrefix = {arXiv},
	eprint    = {1605.06391},
	timestamp = {Mon, 13 Aug 2018 16:47:18 +0200},
	biburl    = {https://dblp.org/rec/journals/corr/YangH16.bib},
	bibsource = {dblp computer science bibliography, https://dblp.org}
}

@inproceedings{ruder2019latent,
	title={Latent multi-task architecture learning},
	author={Ruder, Sebastian and Bingel, Joachim and Augenstein, Isabelle and S{\o}gaard, Anders},
	booktitle={Proceedings of the AAAI Conference on Artificial Intelligence},
	volume={33},
	pages={4822--4829},
	year={2019}
}


@article{DBLP:journals/corr/abs-1803-10704,
  author    = {Shikun Liu and
               Edward Johns and
               Andrew J. Davison},
  title     = {End-to-End Multi-Task Learning with Attention},
  journal   = {CoRR},
  volume    = {abs/1803.10704},
  year      = {2018},
  url       = {http://arxiv.org/abs/1803.10704},
  archivePrefix = {arXiv},
  eprint    = {1803.10704},
  timestamp = {Mon, 13 Aug 2018 16:47:34 +0200},
  biburl    = {https://dblp.org/rec/journals/corr/abs-1803-10704.bib},
  bibsource = {dblp computer science bibliography, https://dblp.org}
}

@inproceedings{ma2018modeling,
	title={Modeling task relationships in multi-task learning with multi-gate mixture-of-experts},
	author={Ma, Jiaqi and Zhao, Zhe and Yi, Xinyang and Chen, Jilin and Hong, Lichan and Chi, Ed H},
	booktitle={Proceedings of the 24th ACM SIGKDD International Conference on Knowledge Discovery \& Data Mining},
	pages={1930--1939},
	year={2018}
}

% important MTL
@article{caruana1993multitask,
	title={Multitask Learning: A Knowledge-Based Source of Inductive Bias ICML},
	author={Caruana, Rich},
	journal={Google Scholar Google Scholar Digital Library Digital Library},
	year={1993}
}

% soft param sharing
@inproceedings{duong2015low,
	title={Low resource dependency parsing: Cross-lingual parameter sharing in a neural network parser},
	author={Duong, Long and Cohn, Trevor and Bird, Steven and Cook, Paul},
	booktitle={Proceedings of the 53rd Annual Meeting of the Association for Computational Linguistics and the 7th International Joint Conference on Natural Language Processing (Volume 2: Short Papers)},
	pages={845--850},
	year={2015}
}

@article{shazeer2017outrageously,
	title={Outrageously large neural networks: The sparsely-gated mixture-of-experts layer},
	author={Shazeer, Noam and Mirhoseini, Azalia and Maziarz, Krzysztof and Davis, Andy and Le, Quoc and Hinton, Geoffrey and Dean, Jeff},
	journal={arXiv preprint arXiv:1701.06538},
	year={2017}
}

@article{DBLP:journals/corr/SchroffKP15,
  author    = {Florian Schroff and
               Dmitry Kalenichenko and
               James Philbin},
  title     = {FaceNet: {A} Unified Embedding for Face Recognition and Clustering},
  journal   = {CoRR},
  volume    = {abs/1503.03832},
  year      = {2015},
  url       = {http://arxiv.org/abs/1503.03832},
  archivePrefix = {arXiv},
  eprint    = {1503.03832},
  timestamp = {Mon, 13 Aug 2018 16:46:42 +0200},
  biburl    = {https://dblp.org/rec/journals/corr/SchroffKP15.bib},
  bibsource = {dblp computer science bibliography, https://dblp.org}
}



@article{DBLP:journals/corr/ChenCZH17,
  author    = {Weihua Chen and
               Xiaotang Chen and
               Jianguo Zhang and
               Kaiqi Huang},
  title     = {Beyond triplet loss: a deep quadruplet network for person re-identification},
  journal   = {CoRR},
  volume    = {abs/1704.01719},
  year      = {2017},
  url       = {http://arxiv.org/abs/1704.01719},
  archivePrefix = {arXiv},
  eprint    = {1704.01719},
  timestamp = {Mon, 13 Aug 2018 16:49:07 +0200},
  biburl    = {https://dblp.org/rec/journals/corr/ChenCZH17.bib},
  bibsource = {dblp computer science bibliography, https://dblp.org}
}


@inproceedings{bromley1994signature,
	title={Signature verification using a" siamese" time delay neural network},
	author={Bromley, Jane and Guyon, Isabelle and LeCun, Yann and S{\"a}ckinger, Eduard and Shah, Roopak},
	booktitle={Advances in neural information processing systems},
	pages={737--744},
	year={1994}
}


@article{rawal2020synthetic,
	title={Synthetic Petri Dish: A Novel Surrogate Model for Rapid Architecture Search},
	author={Rawal, Aditya and Lehman, Joel and Such, Felipe Petroski and Clune, Jeff and Stanley, Kenneth O},
	journal={arXiv preprint arXiv:2005.13092},
	year={2020}
}
@article{Bahdanau2015NeuralMT,
  title={Neural Machine Translation by Jointly Learning to Align and Translate},
  author={Dzmitry Bahdanau and Kyunghyun Cho and Yoshua Bengio},
  journal={CoRR},
  year={2015},
  volume={abs/1409.0473}
}

@article{Ghorbani2019DermGANSG,
  title={DermGAN: Synthetic Generation of Clinical Skin Images with Pathology},
  author={Amirata Ghorbani and V Natarajan and David Coz and Yuan Liu},
  journal={ArXiv},
  year={2019},
  volume={abs/1911.08716}
}


% seq2seq. nlp encoder + decoder
@article{DBLP:journals/corr/SutskeverVL14,
  author    = {Ilya Sutskever and
               Oriol Vinyals and
               Quoc V. Le},
  title     = {Sequence to Sequence Learning with Neural Networks},
  journal   = {CoRR},
  volume    = {abs/1409.3215},
  year      = {2014},
  url       = {http://arxiv.org/abs/1409.3215},
  archivePrefix = {arXiv},
  eprint    = {1409.3215},
  timestamp = {Mon, 13 Aug 2018 16:48:06 +0200},
  biburl    = {https://dblp.org/rec/journals/corr/SutskeverVL14.bib},
  bibsource = {dblp computer science bibliography, https://dblp.org}
}



@article{DBLP:journals/corr/XuBKCCSZB15,
  author    = {Kelvin Xu and
               Jimmy Ba and
               Ryan Kiros and
               Kyunghyun Cho and
               Aaron C. Courville and
               Ruslan Salakhutdinov and
               Richard S. Zemel and
               Yoshua Bengio},
  title     = {Show, Attend and Tell: Neural Image Caption Generation with Visual
               Attention},
  journal   = {CoRR},
  volume    = {abs/1502.03044},
  year      = {2015},
  url       = {http://arxiv.org/abs/1502.03044},
  archivePrefix = {arXiv},
  eprint    = {1502.03044},
  timestamp = {Mon, 13 Aug 2018 16:47:52 +0200},
  biburl    = {https://dblp.org/rec/journals/corr/XuBKCCSZB15.bib},
  bibsource = {dblp computer science bibliography, https://dblp.org}
}



@article{DBLP:journals/corr/LuongPM15,
  author    = {Minh{-}Thang Luong and
               Hieu Pham and
               Christopher D. Manning},
  title     = {Effective Approaches to Attention-based Neural Machine Translation},
  journal   = {CoRR},
  volume    = {abs/1508.04025},
  year      = {2015},
  url       = {http://arxiv.org/abs/1508.04025},
  archivePrefix = {arXiv},
  eprint    = {1508.04025},
  timestamp = {Mon, 13 Aug 2018 16:46:14 +0200},
  biburl    = {https://dblp.org/rec/journals/corr/LuongPM15.bib},
  bibsource = {dblp computer science bibliography, https://dblp.org}
}



@article{DBLP:journals/corr/BritzGLL17,
  author    = {Denny Britz and
               Anna Goldie and
               Minh{-}Thang Luong and
               Quoc V. Le},
  title     = {Massive Exploration of Neural Machine Translation Architectures},
  journal   = {CoRR},
  volume    = {abs/1703.03906},
  year      = {2017},
  url       = {http://arxiv.org/abs/1703.03906},
  archivePrefix = {arXiv},
  eprint    = {1703.03906},
  timestamp = {Mon, 13 Aug 2018 16:46:07 +0200},
  biburl    = {https://dblp.org/rec/journals/corr/BritzGLL17.bib},
  bibsource = {dblp computer science bibliography, https://dblp.org}
}



@article{DBLP:journals/corr/VaswaniSPUJGKP17,
  author    = {Ashish Vaswani and
               Noam Shazeer and
               Niki Parmar and
               Jakob Uszkoreit and
               Llion Jones and
               Aidan N. Gomez and
               Lukasz Kaiser and
               Illia Polosukhin},
  title     = {Attention Is All You Need},
  journal   = {CoRR},
  volume    = {abs/1706.03762},
  year      = {2017},
  url       = {http://arxiv.org/abs/1706.03762},
  archivePrefix = {arXiv},
  eprint    = {1706.03762},
  timestamp = {Mon, 13 Aug 2018 16:48:37 +0200},
  biburl    = {https://dblp.org/rec/journals/corr/VaswaniSPUJGKP17.bib},
  bibsource = {dblp computer science bibliography, https://dblp.org}
}



@article{DBLP:journals/corr/ChengDL16,
  author    = {Jianpeng Cheng and
               Li Dong and
               Mirella Lapata},
  title     = {Long Short-Term Memory-Networks for Machine Reading},
  journal   = {CoRR},
  volume    = {abs/1601.06733},
  year      = {2016},
  url       = {http://arxiv.org/abs/1601.06733},
  archivePrefix = {arXiv},
  eprint    = {1601.06733},
  timestamp = {Mon, 13 Aug 2018 16:48:39 +0200},
  biburl    = {https://dblp.org/rec/journals/corr/ChengDL16.bib},
  bibsource = {dblp computer science bibliography, https://dblp.org}
}



@article{DBLP:journals/corr/GravesWD14,
  author    = {Alex Graves and
               Greg Wayne and
               Ivo Danihelka},
  title     = {Neural Turing Machines},
  journal   = {CoRR},
  volume    = {abs/1410.5401},
  year      = {2014},
  url       = {http://arxiv.org/abs/1410.5401},
  archivePrefix = {arXiv},
  eprint    = {1410.5401},
  timestamp = {Mon, 13 Aug 2018 16:46:28 +0200},
  biburl    = {https://dblp.org/rec/journals/corr/GravesWD14.bib},
  bibsource = {dblp computer science bibliography, https://dblp.org}
}


@article{Vinyals2015PointerN,
  title={Pointer Networks},
  author={Oriol Vinyals and Meire Fortunato and Navdeep Jaitly},
  journal={ArXiv},
  year={2015},
  volume={abs/1506.03134}
}

@article{Zhang2019SelfAttentionGA,
  title={Self-Attention Generative Adversarial Networks},
  author={Han Zhang and Ian J. Goodfellow and Dimitris N. Metaxas and Augustus Odena},
  journal={ArXiv},
  year={2019},
  volume={abs/1805.08318}
}

@article{Radford2015UnsupervisedRL,
  title={Unsupervised Representation Learning with Deep Convolutional Generative Adversarial Networks},
  author={Alec Radford and Luke Metz and Soumith Chintala},
  journal={CoRR},
  year={2015},
  volume={abs/1511.06434}
}


@article{DBLP:journals/corr/abs-1711-07971,
  author    = {Xiaolong Wang and
               Ross B. Girshick and
               Abhinav Gupta and
               Kaiming He},
  title     = {Non-local Neural Networks},
  journal   = {CoRR},
  volume    = {abs/1711.07971},
  year      = {2017},
  url       = {http://arxiv.org/abs/1711.07971},
  archivePrefix = {arXiv},
  eprint    = {1711.07971},
  timestamp = {Fri, 05 Apr 2019 07:29:46 +0200},
  biburl    = {https://dblp.org/rec/journals/corr/abs-1711-07971.bib},
  bibsource = {dblp computer science bibliography, https://dblp.org}
}


@article{weng2018attention,
	title   = "Attention? Attention!",
	author  = "Weng, Lilian",
	journal = "lilianweng.github.io/lil-log",
	year    = "2018",
	url     = "http://lilianweng.github.io/lil-log/2018/06/24/attention-attention.html"
}


@article{DBLP:journals/corr/abs-1803-03635,
  author    = {Jonathan Frankle and
               Michael Carbin},
  title     = {The Lottery Ticket Hypothesis: Training Pruned Neural Networks},
  journal   = {CoRR},
  volume    = {abs/1803.03635},
  year      = {2018},
  url       = {http://arxiv.org/abs/1803.03635},
  archivePrefix = {arXiv},
  eprint    = {1803.03635},
  timestamp = {Mon, 13 Aug 2018 16:48:29 +0200},
  biburl    = {https://dblp.org/rec/journals/corr/abs-1803-03635.bib},
  bibsource = {dblp computer science bibliography, https://dblp.org}
}



@article{DBLP:journals/corr/abs-1810-02340,
  author    = {Namhoon Lee and
               Thalaiyasingam Ajanthan and
               Philip H. S. Torr},
  title     = {{SNIP:} Single-shot Network Pruning based on Connection Sensitivity},
  journal   = {CoRR},
  volume    = {abs/1810.02340},
  year      = {2018},
  url       = {http://arxiv.org/abs/1810.02340},
  archivePrefix = {arXiv},
  eprint    = {1810.02340},
  timestamp = {Tue, 30 Oct 2018 10:49:09 +0100},
  biburl    = {https://dblp.org/rec/journals/corr/abs-1810-02340.bib},
  bibsource = {dblp computer science bibliography, https://dblp.org}
}



@article{DBLP:journals/corr/abs-1903-01611,
  author    = {Jonathan Frankle and
               Gintare Karolina Dziugaite and
               Daniel M. Roy and
               Michael Carbin},
  title     = {The Lottery Ticket Hypothesis at Scale},
  journal   = {CoRR},
  volume    = {abs/1903.01611},
  year      = {2019},
  url       = {http://arxiv.org/abs/1903.01611},
  archivePrefix = {arXiv},
  eprint    = {1903.01611},
  timestamp = {Sat, 30 Mar 2019 19:27:21 +0100},
  biburl    = {https://dblp.org/rec/journals/corr/abs-1903-01611.bib},
  bibsource = {dblp computer science bibliography, https://dblp.org}
}


@article{Renda2020ComparingRA,
  title={Comparing Rewinding and Fine-tuning in Neural Network Pruning},
  author={Alex Renda and Jonathan Frankle and Michael Carbin},
  journal={ArXiv},
  year={2020},
  volume={abs/2003.02389}
}


@article{DBLP:journals/corr/abs-1905-01067,
  author    = {Hattie Zhou and
               Janice Lan and
               Rosanne Liu and
               Jason Yosinski},
  title     = {Deconstructing Lottery Tickets: Zeros, Signs, and the Supermask},
  journal   = {CoRR},
  volume    = {abs/1905.01067},
  year      = {2019},
  url       = {http://arxiv.org/abs/1905.01067},
  archivePrefix = {arXiv},
  eprint    = {1905.01067},
  timestamp = {Mon, 27 May 2019 13:15:00 +0200},
  biburl    = {https://dblp.org/rec/journals/corr/abs-1905-01067.bib},
  bibsource = {dblp computer science bibliography, https://dblp.org}
}


@article{Frankle2020TheEP,
  title={The Early Phase of Neural Network Training},
  author={Jonathan Frankle and David J. Schwab and Ari S. Morcos},
  journal={ArXiv},
  year={2020},
  volume={abs/2002.10365}
}


@article{DBLP:journals/corr/abs-1906-04358,
  author    = {Adam Gaier and
               David Ha},
  title     = {Weight Agnostic Neural Networks},
  journal   = {CoRR},
  volume    = {abs/1906.04358},
  year      = {2019},
  url       = {http://arxiv.org/abs/1906.04358},
  archivePrefix = {arXiv},
  eprint    = {1906.04358},
  timestamp = {Fri, 14 Jun 2019 09:38:24 +0200},
  biburl    = {https://dblp.org/rec/journals/corr/abs-1906-04358.bib},
  bibsource = {dblp computer science bibliography, https://dblp.org}
}


@article{You2020DrawingET,
  title={Drawing early-bird tickets: Towards more efficient training of deep networks},
  author={Haoran You and Chaojian Li and Pengfei Xu and Yonggan Fu and Yue Wang and Xiaohan Chen and Yingyan Lin and Zhangyang Wang and Richard Baraniuk},
  journal={ArXiv},
  year={2020},
  volume={abs/1909.11957}
}

@inproceedings{Rahaman2019OnTS,
  title={On the Spectral Bias of Neural Networks},
  author={Nasim Rahaman and Aristide Baratin and Devansh Arpit and Felix Dr{\"a}xler and Min Lin and Fred A. Hamprecht and Yoshua Bengio and Aaron C. Courville},
  booktitle={ICML},
  year={2019}
}

@article{Saxe2013ExactST,
  title={Exact solutions to the nonlinear dynamics of learning in deep linear neural networks},
  author={Andrew M. Saxe and James L. McClelland and Surya Ganguli},
  journal={CoRR},
  year={2013},
  volume={abs/1312.6120}
}

@article{Tanaka2020PruningNN,
  title={Pruning neural networks without any data by iteratively conserving synaptic flow},
  author={Hidenori Tanaka and Daniel Kunin and Daniel L. K. Yamins and Surya Ganguli},
  journal={ArXiv},
  year={2020},
  volume={abs/2006.05467}
}

@inproceedings{Morcos2019OneTT,
  title={One ticket to win them all: generalizing lottery ticket initializations across datasets and optimizers},
  author={Ari S. Morcos and Haonan Yu and Michela Paganini and Yuandong Tian},
  booktitle={NeurIPS},
  year={2019}
}

@article{Yu2020PlayingTL,
  title={Playing the lottery with rewards and multiple languages: lottery tickets in RL and NLP},
  author={Haonan Yu and Sergey Edunov and Yuandong Tian and Ari S. Morcos},
  journal={ArXiv},
  year={2020},
  volume={abs/1906.02768}
}


@article{DBLP:journals/corr/abs-1906-02629,
  author    = {Rafael M{\"{u}}ller and
               Simon Kornblith and
               Geoffrey E. Hinton},
  title     = {When Does Label Smoothing Help?},
  journal   = {CoRR},
  volume    = {abs/1906.02629},
  year      = {2019},
  url       = {http://arxiv.org/abs/1906.02629},
  archivePrefix = {arXiv},
  eprint    = {1906.02629},
  timestamp = {Thu, 13 Jun 2019 13:36:00 +0200},
  biburl    = {https://dblp.org/rec/journals/corr/abs-1906-02629.bib},
  bibsource = {dblp computer science bibliography, https://dblp.org}
}



@article{DBLP:journals/corr/PereyraTCKH17,
  author    = {Gabriel Pereyra and
               George Tucker and
               Jan Chorowski and
               Lukasz Kaiser and
               Geoffrey E. Hinton},
  title     = {Regularizing Neural Networks by Penalizing Confident Output Distributions},
  journal   = {CoRR},
  volume    = {abs/1701.06548},
  year      = {2017},
  url       = {http://arxiv.org/abs/1701.06548},
  archivePrefix = {arXiv},
  eprint    = {1701.06548},
  timestamp = {Mon, 13 Aug 2018 16:48:27 +0200},
  biburl    = {https://dblp.org/rec/journals/corr/PereyraTCKH17.bib},
  bibsource = {dblp computer science bibliography, https://dblp.org}
}



@article{DBLP:journals/corr/GuoPSW17,
  author    = {Chuan Guo and
               Geoff Pleiss and
               Yu Sun and
               Kilian Q. Weinberger},
  title     = {On Calibration of Modern Neural Networks},
  journal   = {CoRR},
  volume    = {abs/1706.04599},
  year      = {2017},
  url       = {http://arxiv.org/abs/1706.04599},
  archivePrefix = {arXiv},
  eprint    = {1706.04599},
  timestamp = {Sat, 15 Dec 2018 13:25:36 +0100},
  biburl    = {https://dblp.org/rec/journals/corr/GuoPSW17.bib},
  bibsource = {dblp computer science bibliography, https://dblp.org}
}

